@article{hasan2019combating,
  title={Combating Deepfake Videos Using Blockchain and Smart Contracts},
  author={Hasan, Haya R and Salah, Khaled},
  journal={IEEE Access},
  volume={7},
  pages={41596--41606},
  year={2019},
  publisher={IEEE}
}

@inproceedings{bui2019archangel,
  title={ARCHANGEL: Tamper-proofing Video Archives using Temporal Content Hashes on the Blockchain},
  author={Bui, Tu and Cooper, Daniel and Collomosse, John and Bell, Mark and Green, Alex and Sheridan, John and Higgins, Jez and Das, Arindra and Keller, Jared and Thereaux, Olivier and others},
  booktitle={Proceedings of the IEEE Conference on Computer Vision and Pattern Recognition Workshops},
  pages={0--0},
  year={2019}
}

@inproceedings{bravo2019proof,
  title={Proof-of-Learning: a Blockchain Consensus Mechanism based on Machine Learning Competitions},
  author={Bravo-Marquez, Felipe and Reeves, Steve and Ugarte, Mart{\'\i}n},
  booktitle={2019 IEEE International Conference on Decentralized Applications and Infrastructures (DAPPCON)},
  pages={119--124},
  year={2019},
  organization={IEEE}
}

@article{arslan2019compress,
  title={Compress-Store on Blockchain: A Decentralized Data Processing and Immutable Storage for Multimedia Streaming},
  author={Arslan, Suayb S and Goker, Turguy},
  journal={arXiv preprint arXiv:1905.10458},
  year={2019}
}

@misc{bernstein, 
  title={Digital IP Protection}, 
  url={https://www.bernstein.io/}, 
  journal={Bernstein}
}